
@inproceedings{christiansen2019verifying,
  title = {Verifying {{Effectful Haskell Programs}} in {{Coq}}},
  booktitle = {Proceedings of the 12th {{ACM SIGPLAN International Symposium}} on {{Haskell}}},
  author = {Christiansen, Jan and Dylus, Sandra and Bunkenburg, Niels},
  year = {2019},
  pages = {125--138},
  publisher = {{ACM}},
  address = {{Berlin, Germany}},
  doi = {10.1145/3331545.3342592},
  file = {/home/nbu/Zotero/storage/893FJEIX/Christiansen et al. - 2019 - Verifying Effectful Haskell Programs in Coq.pdf},
  isbn = {978-1-4503-6813-1},
  keywords = {Coq,free monad,Haskell,monads,verification},
  series = {Haskell 2019}
}
